@ARTICLE{EDP,
  author = {Arnaud Coatanhay},
  title = {Equations aux derivees partielles et methode des elements finis},
  year = {2015},
}

@ARTICLE{Analysis ,
  author = {Arnaud Coatanhay, Alexandre Baussard},
  title = {Qualitative Analysis of the Time-Frequency Signature Induced by a Rflected L-Band Signal from Time Evolving Sea Surfaces},
  year = {2013},
}

@ARTICLE{Doopler1,
  author = {Shubhranshu Barnwal},
  title = {DOPPLER BASED SPEED ESTIMATION OF VEHICLES USING PASSIVE SENSOR },
  year = {2015},
}

@ARTICLE{Doopler2,
  author = {Christophe Couvreur},
  title = {Doppler-based motion estimation for wide-band sources from single passive sensor measurements },
  year = {2015},
}

@ARTICLE{Doopler3,
  author = {Volkan Cevher},
  title = {Vehicle Speed Estimation using Acoustic Wave Patterns },
  year = {2015},
}